<?xml version="1.0" encoding="UTF-8"?><collection xmlns="http://www.loc.gov/MARC21/slim"><record><leader>00394nam--2200121-i-4500</leader><controlfield tag="001">000048740</controlfield><controlfield tag="002">20161230</controlfield><controlfield tag="005">20161230201047</controlfield><controlfield tag="008">060222s1000------------r-----000-0-eng-d</controlfield><datafield ind1=" " ind2=" " tag="100"><subfield code="a">Agmon,S.,Duglis,A.,Nirenberg,L</subfield></datafield><datafield ind1=" " ind2=" " tag="245"><subfield code="a">Ocenki vblizi granicy reshenii ellipticheskih urabnenii v chasthyh proizvodnyh pri obshitih granichnyx ysloviiah</subfield></datafield><datafield ind1=" " ind2=" " tag="260"><subfield code="a">Moskva, Inlitizdat, 1962. 205 S</subfield></datafield><datafield ind1=" " ind2=" " tag="852"><subfield code="a">8466</subfield></datafield></record></collection>